@manual{Wiki:1,
    title = {Uses of Trigonometry},
    author = {Wikipedia {Wikimedia Foundation}},
    note = {\url{https://en.wikipedia.org/wiki/Uses_of_trigonometry}}
}

@manual{Embibe:1,
    title = {Real Life Applications of Trigonometry},
    author = {Livia Ferrao {Embibe}},
    note = {\url{https://www.embibe.com/exams/real-life-applications-of-trigonometry/}}
}

@manual{YouTube:1,
    title = {Why do colliding blocks compute $\pi$?},
    author = {Grant Sanderson {3Blue1Brown}},
    note = {\url{https://www.youtube.com/watch?v=jsYwFizhncE}}
}